<?xml version="1.0" encoding="UTF-8"?><record xmlns="http://www.loc.gov/MARC21/slim" xmlns:cinclude="http://apache.org/cocoon/include/1.0" xmlns:zs="http://www.loc.gov/zing/srw/">
  <leader>00490nz  a2200133n  4500</leader>
  <controlfield tag="001">no2006107410</controlfield>
  <controlfield tag="003">DLC</controlfield>
  <controlfield tag="005">20061012075234.0</controlfield>
  <controlfield tag="008">061004n| acannaabn          |n aaa     c</controlfield>
  <datafield tag="010" ind1=" " ind2=" ">
    <subfield code="a">no2006107410</subfield>
  </datafield>
  <datafield tag="035" ind1=" " ind2=" ">
    <subfield code="a">(OCoLC)oca07074767</subfield>
  </datafield>
  <datafield tag="040" ind1=" " ind2=" ">
    <subfield code="a">FU</subfield>
    <subfield code="b">eng</subfield>
    <subfield code="c">FU</subfield>
  </datafield>
  <datafield tag="100" ind1="1" ind2=" ">
    <subfield code="a">Lindsey, W. F.</subfield>
  </datafield>
  <datafield tag="670" ind1=" " ind2=" ">
    <subfield code="a">Effect of compressibility on the pressures and forces acting on a modified NACA 65,3-019 airfoil having a 0.20-chord flap, 1946:</subfield>
    <subfield code="b">t.p. (W.F. Lindsey, Langley Aeronautical Laboratory, Langley Field, VA)</subfield>
  </datafield>
</record>